
@book{clark2015,
  title     = {Designing for Touch},
  author    = {Clark, Josh},
  isbn      = 9781937557287,
  year      = 2015,
  pages     = 169,
  publisher = {A book apart},
  address   = {New York, USA}}


@misc{materialdesign,
  key           = {Material Design},
  title         = {Google Material Design},
  year          = 2017,
  howpublished  = {\url{https://material.io}},
  note          = {accessed: 2017-07-18}}


@misc{navigation_drawer,
  key           = {Google Material Design Patterns},
  title         = {Navigation Drawer},
  year          = 2017,
  howpublished  = {\url{https://material.io/guidelines/patterns/navigation-drawer.html}},
  note          = {accessed: 2017-07-22}}

@misc{apple_notifications,
  key           = {Apple macOS Notifictions},
  title         = {macOS Sierra: Use Noticiation Center},
  year          = 2017,
  howpublished  = {\url{https://support.apple.com/kb/PH25142}},
  note          = {accessed: 2017-07-26}}

@misc{android_notifications,
  key           = {Google Material Design Patterns},
  title         = {Notifications},
  year          = 2017,
  howpublished  = {\url{https://material.io/guidelines/patterns/notifications.html}},
  note          = {accessed: 2017-07-22}}
